@misc{test,
  author = {Test}
}

@online{web/TypeORM,
  title   = {TypeORM},
  author  = {pleerock and AlexMesser and imnotjames and daniel-lang and rustamwin and iz-iznogood and Kononnable
             and abingoal and YehezkielSaputra and vlapo and matt-neal and Szbuli and mingyang91 and mojodna and 
             RohanTalip and hmil and championswimmer and mrkmg and Juddling and pravdomil and luchillo17 and 
             MichalLytek and tjme and hajekj14 and dacruz21 and jsnick and elthrasher and Salimlou and chriswep 
             and giladgd and webleaf and v1d3rm3 and chriskalmar and eyalhakim and ArsenyYankovsky and Rhymmor 
             and johannespfeiffer and michaelbromley and bednic and paulfitz and EreckGordon and amaranth 
             and jdforsythe and pdeszynski and jussikinnula and wy193777 and aj-liptak and joeflateau and iRath96 
             and StrikeForceZero and sevenryze and cserron and yannisgu and mguida22 and dhritzkiv and ruscon 
             and aequasi and tstoppe89 and Ginden and asood123 and johannesschobel and silentroach and bogdan 
             and nnn-gif and coyoteecd and leonardofalk and asvetliakov and meel-io and 0xflotus and wederer 
             and damiandennis and risa and steevsachs and dolsup and merong245 and Diluka and HussainAliAkbar 
             and BrainMaestro and scvgoe and snaquaye and MatthiasKunnen and TheNoim and cuibonobo and huanz 
             and haschu and demaggus83 and SnapeEye and duong-le and zaro and gtpan77 and satanTime and ohjeyong 
             and artysidorenko and ejose19 and spotykatch and emibloque and davewasmer and osdiab and clovis1122},
  url     = {https://typeorm.io/},
  urldate = {2022-04-01},
  date    = {2022}
} 

@online{web/postgresql,
  title   = {postgreSQL},
  author  = {{The PostgreSQL Global Development Group}},
  urldate = {2022-04-01},
  date    = {2022},
  url     = {https://www.postgresql.org/}
}